@article{rvachev1985mathematical,
  title={A mathematical model for the global spread of influenza},
  author={Rvachev, Leonid A and Longini, Ira M},
  journal={Mathematical biosciences},
  volume={75},
  number={1},
  pages={3--22},
  year={1985},
  publisher={Elsevier}
}

@article{leonenko2015using,
  title={Using high performance algorithms for the hybrid simulation of disease dynamics on {CPU} and {GPU}},
  author={Leonenko, Vasiliy N and Pertsev, Nikolai V and Artzrouni, Marc},
  journal={Procedia Computer Science},
  volume={51},
  pages={150--159},
  year={2015},
  publisher={Elsevier}
}

@inproceedings{mityagin2014multi,
  title={Multi-factorial predictive modelling of drug addiction for large urban areas},
  author={Mityagin, Sergey A and Ivanov, Sergey V and Boukhanovsky, Alexander V},
  booktitle={Application of Information and Communication Technologies (AICT), 2014 IEEE 8th International Conference on},
  pages={1--7},
  year={2014},
  organization={IEEE}
}

@inproceedings{baroyan1970computer,
  title={Computer modelling of influenza epidemics for large-scale systems of cities and territories},
  author={Baroyan, OV and Basilevsky, UV and Ermakov, VV and Frank, KD and Rvachev, LA and Shashkov, VA},
  booktitle={Proc. WHO Symposium on Quantitative Epidemiology, Moscow},
  year={1970}
}


@misc{cdc,
  author={CDC},
  title={Influenza Signs and Symptoms and the Role of Laboratory Diagnostics},
  howpublished = {[online]},
	note={\url{http://www.cdc.gov/flu/professionals/diagnosis/labrolesprocedures.htm}}
}

@ARTICLE{Carneiro2009,
author={Carneiro, H.A. and Mylonakis, E.},
title={Google trends: A web-based tool for real-time surveillance of disease outbreaks},
journal={Clinical Infectious Diseases},
year={2009},
volume={49},
number={10},
pages={1557-1564},
doi={10.1086/630200},
url={http://www.scopus.com/inward/record.url?eid=2-s2.0-72849140260&partnerID=40&md5=7e7c7387ce5d30cbbbefeaf6c2d737c7},
document_type={Article},
source={Scopus},
}

@ARTICLE{Burger201643,
author={Burger, R. and Chowell, G. and Mulet, P. and Villada, L.M.},
title={Modelling the spatial-temporal progression of the 2009 {A/H1N1} influenza pandemic in {Chile}},
journal={Mathematical Biosciences and Engineering},
year={2016},
volume={13},
number={1},
pages={43-65},
document_type={Article}
}

@article{costagliola1991routine,
  title={A routine tool for detection and assessment of epidemics of influenza-like syndromes in France.},
  author={Costagliola, Dominique and Flahault, Antoine and Galinec, David and Garnerin, Philippe and Menares, Juan and Valleron, Alain-Jacques},
  journal={American journal of public health},
  volume={81},
  number={1},
  pages={97--99},
  year={1991},
  publisher={American Public Health Association}
}

@article{ivannikov,
  title={An Experience of mathematical computing Forecasting of the Influenza Epidemics for big Territory},
  author={Ivannikov, Yu.G. and Ogarkov, P.I.},
  journal={Journal of Infectology},
  volume={4},
  number={3},
  pages={101--106},
  year={2012},
	note={{In} {Russian}.)}
}
@article{goeyvaerts2015estimating,
  title={Estimating dynamic transmission model parameters for seasonal influenza by fitting to age and season-specific influenza-like illness incidence},
  author={Goeyvaerts, Nele and Willem, Lander and Van Kerckhove, Kim and Vandendijck, Yannick and Hanquet, Germaine and Beutels, Philippe and Hens, Niel},
  journal={Epidemics},
  volume={13},
  pages={1--9},
  year={2015},
  publisher={Elsevier}
}

@article{he2013patterns,
  title={Patterns of spread of influenza {A} in {Canada}},
  author={He, Daihai and Dushoff, Jonathan and Eftimie, Raluca and Earn, David JD},
  journal={Proceedings of the Royal Society of London B: Biological Sciences},
  volume={280},
  number={1770},
  pages={20131174},
  year={2013},
  publisher={The Royal Society}
}

@article{kalnay1996ncep,
  title={The {NCEP/NCAR} 40-year reanalysis project},
  author={Kalnay, Eugenia and Kanamitsu, Masao and Kistler, Robert and Collins, William and Deaven, Dennis and Gandin, Lev and Iredell, Mark and Saha, Suranjana and White, Glenn and Woollen, John and others},
  journal={Bulletin of the American meteorological Society},
  volume={77},
  number={3},
  pages={437--471},
  year={1996}
}

@article{krzhizhanovskaya2015russian,
  title={Russian-Dutch double-degree Master’s programme in computational science in the age of global education},
  author={Krzhizhanovskaya, Valeria V and Dukhanov, Alexey V and Bilyatdinova, Anna and Boukhanovsky, Alexander V and Sloot, Peter MA},
  journal={Journal of Computational Science},
  volume={10},
  pages={288--298},
  year={2015},
  publisher={Elsevier}
}

@ARTICLE{Kondratyev2013,
author={Kondratyev, M. and Tsybalova, L.},
title={Long-term forecasting of influenza-like illnesses in {Russia}},
journal={International Journal of Pure and Applied Mathematics},
year={2013},
volume={89},
number={4},
pages={619-641}
}
@book{metod_recom,
  title={Methodological recommendations for the operational analysis and forecasting of the epidemiological situation on influenza and acute respiratory infections {(ARI)}},
  author={Marinich, I. G. and Karpova, L. S. and Kondratyev, V.A.},
  year={2005},
  publisher={Moscow},
	note={In Russian.}
}

@ARTICLE{Leonenko2016,
author={V. N. Leonenko and S. V. Ivanov and Yu. K. Novoselova.},
title={A Computational Approach to Investigate Patterns of Acute Respiratory Illness Dynamics in the Regions with Distinct Seasonal Climate Transitions},
journal={Procedia Computer Science},
year={2016},
volume={80},
pages={2402-2412}
}

@article{Leon_Novo_Ong,
  title={Influenza Outbreaks Forecasting in {R}ussian Cities: Is {Baroyan}-{Rvachev} Approach Still Applicable?},
  author={Leonenko, Vasiliy N and Novoselova, Yulia K and Ong, Karen M},
  journal={Procedia Computer Science},
  volume={101},
  pages={282--291},
  year={2016},
  publisher={Elsevier}
}

@article{leonenko2016mathbio,
  title={Influenza peaks prediction in {Russian} cities: comparing the accuracy of two {SEIR} models},
  author={Leonenko, Vasiliy N and Ivanov, Sergey V},
  journal={Mathematical Biosciences and Engineering},  
  volume={15},
  number={1},
  year={2018},
  note = {DOI: 10.3934/mbe.2018009}
}

@article{van2012role,
  title={The role of weather on the relation between influenza and influenza-like illness},
  author={van Noort, Sander P and {\'A}guas, Ricardo and Ballesteros, S{\'e}bastien and Gomes, M. Gabriela M},
  journal={Journal of theoretical biology},
  volume={298},
  pages={131--137},
  year={2012},
  publisher={Elsevier}
}

@misc{fluinst_link,
	author={Flu Institute},
  title={{Research} {Institute} of {Influenza} website},
  howpublished = {[online]},
	note={\url{http://influenza.spb.ru/en/}}
}

@article{romanyukha2011origin,
  title={The origin of acute respiratory epidemics},
  author={Romanyukha, AA and Sannikova, TE and Drynov, ID},
  journal={Herald of the Russian Academy of Sciences},
  volume={81},
  number={1},
  pages={31--34},
  year={2011},
  publisher={Springer}
}

@article{shaman2009absolute,
  title={Absolute humidity modulates influenza survival, transmission, and seasonality},
  author={Shaman, Jeffrey and Kohn, Melvin},
  journal={Proceedings of the National Academy of Sciences},
  volume={106},
  number={9},
  pages={3243--3248},
  year={2009},
  publisher={National Acad Sciences}
}

@article{shaman2010absolute,
  title={Absolute humidity and the seasonal onset of influenza in the continental {United} {States}},
  author={Shaman, Jeffrey and Pitzer, Virginia E and Viboud, C{\'e}cile and Grenfell, Bryan T and Lipsitch, Marc},
  journal={PLoS Biol},
  volume={8},
  number={2},
  pages={e1000316},
  year={2010}
}

@misc{sentinelles,
	author={Sentinelles},
  title={Sentinelles surveillance system website},
  howpublished = {[online]},
	note={\url{https://websenti.u707.jussieu.fr/sentiweb/}}
}

@article{tamerius2011global,
  title={Global influenza seasonality: reconciling patterns across temperate and tropical regions},
  author={Tamerius, James and Nelson, Martha I and Zhou, Steven Z and Viboud, C{\'e}cile and Miller, Mark A and Alonso, Wladimir J},
  journal={Environmental health perspectives},
  volume={119},
  number={4},
  pages={439},
  year={2011}
}

@article {vega2013,
author = {Vega, Tomás and Lozano, Jose Eugenio and Meerhoff, Tamara and Snacken, René and Mott, Joshua and Ortiz de Lejarazu, Raul and Nunes, Baltazar},
title = {Influenza surveillance in {Europe}: establishing epidemic thresholds by the {Moving} {Epidemic} {Method}},
journal = {Influenza and Other Respiratory Viruses},
volume = {7},
number = {4},
publisher = {Blackwell Publishing Ltd},
issn = {1750-2659},
url = {http://dx.doi.org/10.1111/j.1750-2659.2012.00422.x},
doi = {10.1111/j.1750-2659.2012.00422.x},
pages = {546--558},
keywords = {Epidemiology, influenza, modelling, surveillance},
year = {2013},
}

@article{viboud2006synchrony,
  title={Synchrony, waves, and spatial hierarchies in the spread of influenza},
  author={Viboud, C{\'e}cile and Bj{\o}rnstad, Ottar N and Smith, David L and Simonsen, Lone and Miller, Mark A and Grenfell, Bryan T},
  journal={science},
  volume={312},
  number={5772},
  pages={447--451},
  year={2006},
  publisher={American Association for the Advancement of Science}
}


@misc{who_flu_facts,
  author={WHO},
  title={Influenza (Seasonal). {Fact} sheet {No.} 211, {March} 2014.},
  howpublished = {[online]},
	note={\url{http://www.who.int/mediacentre/factsheets/fs211/en/}}
}

@misc{who_ili_def,
  author={WHO},
	title={Surveillance case definitions for {ILI} and {SARI}},
  howpublished = {[online]},
	note={\url{http://www.who.int/influenza/surveillance_monitoring/ili_sari_surveillance_case_definition/en/}}
}